@article{Batell:2010bp,
      author         = "Batell, Brian",
      title          = "{Dark Discrete Gauge Symmetries}",
      journal        = "Phys. Rev.",
      volume         = "D83",
      year           = "2011",
      pages          = "035006",
      doi            = "10.1103/PhysRevD.83.035006",
      eprint         = "1007.0045",
      archivePrefix  = "arXiv",
      primaryClass   = "hep-ph",
      reportNumber   = "PI-PARTPHYS-192",
      SLACcitation   = "%%CITATION = ARXIV:1007.0045;%%"
}